% The first four references in this document are example references
% that the template use.
% If you need a to add a reference copy the correct type from below and fill
% in all fields properly. You can use other types as well but remember
% to add all required fields for that type if you do.
%
% http://en.wikibooks.org/wiki/LaTeX/Bibliography_Management#Standard_templates

% Remember to search for the reference you need first in this document.
% Someone else may have added it already, then use the same reference.

% The reference id should be first listed author in a paper and the year.
% As an example if "John Doe" wrote a paper back in 1999 the reference
% should be referred to as "doe1999".

% Website references should start with the "web:" prefix.

% Misc
% Put the same in "key" as you use in "title".
@misc{web:website,
    title = {Website},
    key = {Website},
    urldate = {2013-10-15},
    note = {This is a note to the web:website reference.},
    url = {\url{http://www.example.com}},
    howpublished = {\url{http://www.example.com}},
}

% Article
% Required fields: author, title, journal, year.
% Optional fields: volume, number, pages, month, note.
@article{article:article,
    author    = {surname, firstname and surname, firstname},
    title     = {Tile of the article:article reference},
    journal   = {Journal},
    volume   = {Volume},
    pages    = {Pages},
    year      = {year},
    month    = {month},
    note     = {Note of the article:article reference},
}

% Unpublished
% Required fields: author, title, note.
% Optional fields: month, year.
@unpublished{unpublished:unpublished,
    author = {surname, firstname and surname, firstname},
    title = {Title of the unpublished:unpublished reference.},
    note = {This is a note of the unpublished:unpublished reference.},
    url = {\url{http://www.example.com}},
    year = {2013},
}

% Book
% Required fields: author/editor, title, publisher, year.
% Optional fields: volume/number, series, address, edition, month, note.
@book{book:book,
    author    = {surname, firstname},
    title     = {Title of book:book reference},
    publisher = {Publisher},
    volume   = {Volume},
    series   = {Series},
    address  = {Address},
    edition  = {Edition},
    year      = {2013},
    month    = {Month},
    note     = {Note},
}

%%%%%%%
% Space plug and play Architecture
%%%%%%%
@incollection{hansen2011,
  title={Robust GN\&C Based On Standardization Across Various Vehicle Platforms},
  author={Hansen, L Jane and Graven, Paul},
  booktitle={Infotech@ Aerospace 2011},
  year={2011}
}

@inproceedings{pasko2011,
  title={Using rdf schema and taxonomies to describe a flexible, standards based spa ontology},
  author={Pasko, Scott S},
  booktitle={Infotech@ Aerospace Conference, Unleashing Unmanned Systems, AIAA. AIAA},
  year={2011}
}

@misc{spa:sdm-source,
    title = {System Data Model (SDM) Source Code, USAF Technical Paper
        ADA570990},
    key = {System Data Model (SDM) Source Code, USAF Technical Paper
        ADA570990},
    author = {Lyke, James C. and Calixte-Rosengren, Josette},
    urldate = {2014-02-18},
    note = {2014-02-18},
    url = {\url{http://www.dtic.mil/docs/citations/ADA570990}},
    howpublished= {\url{http://www.dtic.mil/docs/citations/ADA570990}},
}

@inproceedings{sundberg2006,
  title={The Satellite Data Model.},
  author={Sundberg, Kenneth and Cannon, Scott and Hospodarsky, Todd and Fronterhouse, Don},
  booktitle={ESA},
  pages={10--15},
  year={2006}
}

@article{fronterhouse2007,
  title={Plug-and-play satellite (PnPSat)},
  author={Fronterhouse, Don and Lyke, Jim and Achramowicz, Steve},
  journal={AIAA Infotech@ Aerospace},
  year={2007}
}

@inproceedings{Lanza2010,
    Address = {Science Applications International Corporation, Applied Sciences Operation},
    Author = {Lanza, Denise L. and Vick, Robert W. and Lyke, James C.},
    Booktitle = {AIAA Infotech at Aerospace 2010},
    Title = {The Space Plug-and-play Avionics Common Data Dictionary -
        Constructing the language of SPA.},
    URL = {http://ep.bib.mdh.se/login?url=http://search.ebscohost.com/login.aspx?direct=true&db=edselc&AN=edselc.2-52.0-78650006999&site=eds-live},
    Year = {2010},
}

@article{caceres2006,
    Author = {Caceres, Marco},
    ISSN = {0740722X},
    Journal = {AEROSPACE AMERICA},
    Keywords = {ENGINEERING, AEROSPACE},
    Number = {1},
    Pages = {18 - 20 + 23},
    Title = {Cost overruns plague military satellite programs.},
    Volume = {44},
    URL = {http://ep.bib.mdh.se/login?url=http://search.ebscohost.com/login.aspx?direct=true&db=edswsc&AN=000234499400006&site=eds-live},
    Year = {2006},
}

@article{martin2008,
  title={The implementation of a plug-and-play satellite bus},
  author={Martin, Maurice and Fronterhouse, Don and Lyke, Jim},
  year={2008}
}

@article{martin2012,
    Abstract = {The Air Force Research Laboratory (AFRL) developed an initial
        plug-and-play capability for spacecraft to better define interfaces,
        similar to USB on personal computers, in order to simplify spacecraft
            development and reduce cost and schedule. Much of this improved
            definition involves standardizing software interfaces between
            spacecraft components and a spacecraft network. The Spacecraft
            Avionics Experiment (SAE) was developed and flown as a secondary
            experiment on the AFRL TacSat-3 spacecraft as the first on-orbit
            demonstration of the Space Plug-and-Play Architecture (SPA)
            capability. On numerous occasions during SAE development and test,
        the modular, reconfigurable SPA interface provided significant cost and
            schedule savings. SAE consisted of a SPA-USB (SPA-U) network with
            multiple plug-and-play components with the objective of
            demonstrating as much core avionics and spacecraft operation as
            possible in a small secondary payload package. To this end, most
            elements of a Guidance, Navig},
    Author = {Martin, Maurice and Summers, Jeff and Lyke, James},
    ISSN = {9781457705564},
    Journal = {2012 IEEE Aerospace Conference},
    Keywords = {avionics, I2C, modular, Plug-and-play, reconfigurable, satellite, SPA, TacSat-3},
    Pages = {1},
    Title = {AFRL plug-and-play Spacecraft Avionics Experiment (SAE).},
    URL = {http://ep.bib.mdh.se/login?url=http://search.ebscohost.com/login.aspx?direct=true&db=edb&AN=86545827&site=eds-live},
    Year = {2012},
}

@article{hansen2012,
    Abstract = {The Air Force Research Laboratory (AFRL), in association with
        the Space Plug-and-play Architecture (SPA) program, has been developing
            the infrastructure to rapidly construct satellites using
            off-the-shelf avionics for space systems. One of the key enablers
            of rapid spacecraft assembly is the creation of a universal and
            standardized language for the exchange of data and commands between
            components, including hardware and software. This language has been
            formalized in an ontology, a complete set of definitions that
            describe a standard vocabulary of terms and their related meanings.
            By organizing the ontology into meaningful categories that
            subdivide the problem space into increasingly specialized classes,
        a hierarchical structure known as a taxonomy is generated. Multiple
            taxonomies have been developed to define the spacecraft bus
            resources in precise, logical names that uniquely identify each
            element and the associated attributes. This paper provides an
            overview of the spacecraft bus r},
    Author = {Hansen, L. Jane and Lanza, Denise and Pasko, Scott},
    ISSN = {9781457705564},
    Journal = {2012 IEEE Aerospace Conference},
    Pages = {1},
    Title = {Developing an ontology for standardizing space systems data exchange.},
    URL = {http://ep.bib.mdh.se/login?url=http://search.ebscohost.com/login.aspx?direct=true&db=edb&AN=86545829&site=eds-live},
    Year = {2012},
}

@misc{spa:all,
    title = {Space Plug-and-Play Architecture: Package Set},
    key = {Space Plug-and-Play Architecture: Package Set},
    urldate = {2014-02-18},
    note = {Accessed 2014-02-17},
    url = {\url{http://arc.aiaa.org/doi/book/10.2514/4.102431}},
    howpublished = {\url{http://arc.aiaa.org/doi/book/10.2514/4.102431}},
}

@misc{spa:logical-interface,
    title = {Space Plug-and-Play Architecture: Logical Interface (AIAA S-133-3-2013e)},
    key = {Space Plug-and-Play Architecture: Logical Interface (AIAA S-133-3-2013e)},
    urldate = {2014-02-17},
    note = {Accessed 2014-02-17},
    url = {\url{http://arc.aiaa.org/doi/book/10.2514/4.102318}},
    howpublished = {\url{http://arc.aiaa.org/doi/book/10.2514/4.102318}},
}

@misc{spa:networking,
    title = {Space Plug-and-Play Architecture: Networking (AIAA S-133-2-2013e)},
    key = {Space Plug-and-Play Architecture: Networking (AIAA S-133-2-2013e)},
    urldate = {2014-02-17},
    note = {Accessed 2014-02-17},
    url = {\url{http://arc.aiaa.org/doi/book/10.2514/4.102301}},
    howpublished = {\url{http://arc.aiaa.org/doi/book/10.2514/4.102301}},
}

@misc{spa:ontology,
    title = {Space Plug-and-Play Architecture: Ontology (AIAA S-133-7-2013e)},
    key= {Space Plug-and-Play Architecture: Ontology (AIAA S-133-7-2013e)},
    urldate = {2014-02-17},
    note = {Accessed 2014-02-17},
    url = {\url{http://arc.aiaa.org/doi/book/10.2514/4.102356}},
    howpublished = {\url{http://arc.aiaa.org/doi/book/10.2514/4.102356}},
}

@misc{spa:system-capabilities,
    title = {Space Plug-and-Play Architecture: System Capability (AIAA G-133-10-2013e)},
    key = {Space Plug-and-Play Architecture: System Capability (AIAA G-133-10-2013e)},
    urldate = {2014-02-17},
    note = {Accessed 2014-02-17},
    url = {\url{http://arc.aiaa.org/doi/book/10.2514/4.102387}},
    howpublished = {\url{http://arc.aiaa.org/doi/book/10.2514/4.102387}},
}

@misc{spa:spacewire,
    title = {Space Plug-and-Play Architecture: Spacewire Subnet Adaptation (AIAA S-133-9-2013e)},
    key = {Space Plug-and-Play Architecture: Spacewire Subnet Adaptation (AIAA S-133-9-2013e)},
    urldate = {2013-12-02},
    note = {Accessed 2013-12-02},
    url = {\url{http://arc.aiaa.org/doi/book/10.2514/4.102370}},
    howpublished = {\url{http://arc.aiaa.org/doi/book/10.2514/4.102370}},
}

@misc{web:vnp,
    title = {Virtual Network Protocol},
    key = "Virtual Network Protocol",
    urldate = "2013-12-02",
    note = {Accessed 2013-12-02},
    url = {\url{http://virtual-network.github.io/vn-sdm/}},
    howpublished = {\url{http://virtual-network.github.io/vn-sdm/}},
}

%%%%%%%
% Dependability, Security and High-Integrity systems.
%%%%%%%
@article{avizienis2004,
    Author = {Avi\v{z}ienis, Algirdas and Laprie, Jean-Claude and Randell, Brian
        and Landwehr, Carl},
    ISSN = {15455971},
    Journal = {IEEE Transactions on Dependable and Secure Computing},
    Keywords = {Attacks, Dependability, Errors, Failures, Fault forecasting, Fault
        removal, Fault tolerance, Faults, Security, Trust, Vulnerabilities},
    Number = {1},
    Pages = {11-33},
    Title = {Basic concepts and taxonomy of dependable and secure computing.},
    Volume = {1},
    URL = {\url{http://ep.bib.mdh.se/login?url=http://search.ebscohost.com/login.aspx?direct=true&db=edselc&AN=edselc.2-52.0-12344308304&site=eds-live}},
    Year = {2004},
}
@inproceedings{laprie2008,
    title={From Dependability to Resilience},
    author={Laprie, Jean-Claude},
    booktitle={Proceedings of the 38th Annual IEEE/IFIP International Conference
        on Dependable Systems and Networks},
    Year = {2008},
}

%%%%%%%
% IETF RFC (Request for comments)
%%%%%%%
@misc{web:rfc791,
    title = {RFC 791, Internet Protocol},
    key = {RFC 0791, Internet Protocol},
    urldate = {2013-12-04},
    note = {Accessed 2013-12-04},
    url = {\url{http://datatracker.ietf.org/doc/rfc791/}},
    howpublished = {\url{http://datatracker.ietf.org/doc/rfc791/}},
}

@misc{web:rfc1631,
    title = {RFC 1631, The IP Network Address Translator (NAT)},
    key = {RFC 1631, The IP Network Address Translator (NAT)},
    urldate = {2013-12-04},
    note = {Accessed 2013-12-04},
    url = {\url{http://datatracker.ietf.org/doc/rfc1631/}},
    howpublished = {\url{http://datatracker.ietf.org/doc/rfc1631/}},
}

@misc{web:rfc1883,
    title = {RFC 1883, Internet Protocol, Version 6 (IPv6) Specification},
    key = {RFC 1883, Internet Protocol, Version 6 (IPv6) Specification},
    urldate = {2013-12-05},
    note = {Accessed 2013-12-05},
    url = {\url{http://datatracker.ietf.org/doc/rfc1883/}},
    howpublished = {\url{http://datatracker.ietf.org/doc/rfc1883/}},
}

@misc{web:rfc1918,
    title = {RFC 1918 (BCP 5), Address Allocation for Private Internets},
    key = {RFC 1918 (BCP 5), Address Allocation for Private Internets},
    urldate = {2013-12-04},
    note = {Accessed 2013-12-04},
    url = {\url{http://datatracker.ietf.org/doc/rfc1918/}},
    howpublished = {\url{http://datatracker.ietf.org/doc/rfc1918/}},
}

@misc{web:rfc2131,
    title = {RFC 2131, Dynamic Host Configuration Protocol},
    key = {RFC 2131, Dynamic Host Configuration Protocol},
    urldate = {2013-12-04},
    note = {Accessed 2013-12-04},
    url = {\url{http://datatracker.ietf.org/doc/rfc2131/}},
    howpublished = {\url{http://datatracker.ietf.org/doc/rfc2131/}},
}

@misc{web:rfc2132,
    title = {RFC 2132, DHCP Options and BOOTP Vendor Extensions},
    key = {RFC 2132, DHCP Options and BOOTP Vendor Extensions},
    urldate = {2013-12-04},
    note = {Accessed 2013-12-04},
    url = {\url{http://datatracker.ietf.org/doc/rfc2132/}},
    howpublished = {\url{http://datatracker.ietf.org/doc/rfc2132/}},
}

@misc{web:rfc2460,
    title = {RFC 2460, Internet Protocol, Version 6 (IPv6) Specification},
    key= {RFC 2460, Internet Protocol, Version 6 (IPv6) Specification},
    urldate = {2013-12-05},
    note = {Accessed 2013-12-05},
    url = {\url{http://datatracker.ietf.org/doc/rfc2460/}},
    howpublished = {\url{http://datatracker.ietf.org/doc/rfc2460/}},
}

@misc{web:rfc3022,
    title = {RFC 3022, Traditional IP Network Address Translator (Traditional NAT)},
    key = {RFC 3022, Traditional IP Network Address Translator (Traditional NAT)},
    urldate = {2013-12-04},
    note = {Accessed 2013-12-04},
    url = {\url{http://datatracker.ietf.org/doc/rfc3022/}},
    howpublished = {\url{http://datatracker.ietf.org/doc/rfc3022/}},
}

@misc{web:rfc3315,
    title = {RFC 3315, Dynamic Host Configuration Protocol for IPv6 (DHCPv6)},
    key = {RFC 3315, Dynamic Host Configuration Protocol for IPv6 (DHCPv6)},
    urldate = {2013-12-05},
    note = {Accessed 2013-12-05},
    url = {\url{http://datatracker.ietf.org/doc/rfc3315/}},
    howpublished = {\url{http://datatracker.ietf.org/doc/rfc3315/}},
}

@misc{web:rfc3633,
    title = {RFC 3633, IPv6 Prefix Options for Dynamic Host Configuration
        Protocol (DHCP) version 6},
    key = {RFC 3633, IPv6 Prefix Options for Dynamic Host Configuration
        Protocol (DHCP) version 6},
    urldate = {2013-12-06},
    note = {Accessed 2013-12-06},
    url = {\url{http://datatracker.ietf.org/doc/rfc3633/}},
    howpublished = {\url{http://datatracker.ietf.org/doc/rfc3633/}},
}

@misc{web:rfc4122,
    title = {RFC 4122, A Universally Unique IDentifier (UUID) URN Namespace},
    key = {RFC 4122, A Universally Unique IDentifier (UUID) URN Namespace},
    urldate = {2013-12-03},
    note = {Accessed 2013-12-03},
    url = {\url{http://datatracker.ietf.org/doc/rfc4122/}},
    howpublished = {\url{http://datatracker.ietf.org/doc/rfc4122/}},
}

@misc{web:rfc4291,
    title = {RFC 4291, IP Version 6 Addressing Architecture},
    key = {RFC 4291, IP Version 6 Addressing Architecture},
    urldate = {2013-12-05},
    note = {Accessed 2013-12-05},
    url = {\url{http://datatracker.ietf.org/doc/rfc4291/}},
    howpublished = {\url{http://datatracker.ietf.org/doc/rfc4291/}},
}

@misc{web:rfc4361,
    title = {RFC 4361, Node-specific Client Identifiers for Dynamic Host
    Configuration Protocol Version Four (DHCPv4)},
    key = {RFC 4361, Node-specific Client Identifiers for Dynamic Host
    Configuration Protocol Version Four (DHCPv4)},
    urldate = {2013-12-04},
    note = {Accessed 2013-12-04},
    url = {\url{http://datatracker.ietf.org/doc/rfc4361/}},
    howpublished = {\url{http://datatracker.ietf.org/doc/rfc4361/}},
}

@misc{web:rfc4862,
    title = {RFC 4862, IPv6 Stateless Address Autoconfiguration},
    key = {RFC 4862, IPv6 Stateless Address Autoconfiguration},
    urldate = {2013-12-05},
    note = {Accessed 2013-12-05},
    url = {\url{http://datatracker.ietf.org/doc/rfc4862/}},
    howpublished = {\url{http://datatracker.ietf.org/doc/rfc4862/}},
}

@misc{web:rfc4941,
    title = {RFC 4941, Privacy Extensions for Stateless Address
        Autoconfiguration in IPv6},
    key = {RFC 4941, Privacy Extensions for Stateless Address
        Autoconfiguration in IPv6},
    urldate = {2013-12-05},
    note = {Accessed 2013-12-05},
    url = {\url{http://datatracker.ietf.org/doc/rfc4941/}},
    howpublished = {\url{http://datatracker.ietf.org/doc/rfc4941/}},
}

@misc{web:rfc5952,
    title = {RFC 5952, A Recommendation for IPv6 Address Text Representation},
    key = {RFC 5952, A Recommendation for IPv6 Address Text Representation},
    urldate = {2013-12-05},
    note = {Accessed 2013-12-05},
    url = {\url{http://datatracker.ietf.org/doc/rfc5952/}},
    howpublished = {\url{http://datatracker.ietf.org/doc/rfc5952/}},
}

@misc{web:rfc6540,
    title = {RFC 6540, IPv6 Support Required for All IP-Capable Nodes},
    key = {RFC 6540, IPv6 Support Required for All IP-Capable Nodes},
    urldate = {2013-12-06},
    note = {Accessed 2013-12-06},
    url = {\url{http://datatracker.ietf.org/doc/rfc6540/}},
    howpublished = {\url{http://datatracker.ietf.org/doc/rfc6540/}},
}

@misc{web:ietf-charter-6lowpan,
    title = {6LoWPAN Working Group Charter},
    key = {6LoWPAN Working Group Charter},
    urldate = {2013-12-06},
    note = {Accessed 2013-12-06},
    url = {\url{http://datatracker.ietf.org/wg/6lowpan/charter/}},
    howpublished = {\url{http://datatracker.ietf.org/wg/6lowpan/charter/}},
}

@misc{web:ietf-charter-roll,
    title = {ROLL Working Group Charter},
    key = {ROLL Working Group Charter},
    urldate = {2013-12-06},
    note = {Accessed 2013-12-06},
    url = {\url{http://datatracker.ietf.org/wg/roll/charter/}},
    howpublished = {\url{http://datatracker.ietf.org/wg/roll/charter/}},
}

%%%%%%%
% Ada Programming Language
%%%%%%%
@misc{web:ada-high-integrity,
    title = {Guide for the use of the Ada programming language in high integrity systems},
    key = {Guide for the use of the Ada programming language in high integrity systems},
    urldate = {2014-01-27},
    note = {Accessed 2014-01-27},
    url = {\url{http://standards.iso.org/ittf/PubliclyAvailableStandards/c029575_ISO_IEC_TR_15942_2000%28E%29.zip}},
    howpublished = {\url{http://standards.iso.org/ittf/PubliclyAvailableStandards/c029575_ISO_IEC_TR_15942_2000%28E%29.zip}},
}

@misc{web:ada-ravenscar-high-integrity,
    title = {Guide for the use of the Ada Ravenscar Profile in high integrity systems},
    key = {Guide for the use of the Ada Ravenscar Profile in high integrity systems},
    urldate = {2014-01-27},
    note = {Accessed 2014-01-27},
    url = {\url{http://standards.iso.org/ittf/PubliclyAvailableStandards/c038828_ISO_IEC_TR_24718_2005%28E%29.zip}},
    howpublished = {\url{http://standards.iso.org/ittf/PubliclyAvailableStandards/c038828_ISO_IEC_TR_24718_2005%28E%29.zip}},
}

@misc{web:ada-oop-high-integrity,
    title = {High-Integrity Object-Oriented Programming in Ada},
    key = {High-Integrity Object-Oriented Programming in Ada},
    urldate = {2014-01-27},
    note = {Release 1.4 by AdaCore. Accessed 2014-01-27},
    url = {\url{http://www.adacore.com/knowledge/technical-papers/high-integrity-oop-in-ada/}},
    howpublished = {\url{http://www.adacore.com/knowledge/technical-papers/high-integrity-oop-in-ada/}},
}

%%%%%%%
% UML and UPPAAL
%%%%%%%
@article{behrmann2006,
    title={A tutorial on uppaal 4.0},
    author={Behrmann, Gerd and David, Alexandre and Larsen, Kim G},
    journal={Department of computer science, Aalborg university},
    year={2006}
}

@book{larman2005,
    Author = {Larman, Craig},
    ISBN = {0131489062},
    Publisher = {Upper Saddle River, N.J. : Prentice Hall PTR, c2005.},
    Title = {Applying UML and patterns : an introduction to object-oriented
        analysis and design and iterative development / Craig Larman.},
    URL = {http://ep.bib.mdh.se/login?url=http://search.ebscohost.com/login.aspx?direct=true&db=edshlc&AN=edshlc.011555052-6&site=eds-live},
    Year = {2005},
}

@article{larsen1997,
  title={UPPAAL in a nutshell},
  author={Larsen, Kim G and Pettersson, Paul and Yi, Wang},
  journal={International Journal on Software Tools for Technology Transfer (STTT)},
  volume={1},
  number={1},
  pages={134--152},
  year={1997},
  publisher={Springer}
}

@article{cambronero2010,
  title={Verification of real-time systems design},
  author={Cambronero, M Emilia and Valero, Valent\'{i}n and D\'{i}az, Gregorio},
  journal={Software Testing, Verification and Reliability},
  volume={20},
  number={1},
  pages={3--37},
  year={2010},
  publisher={Wiley Online Library}
}

@article{lahtinen2012,
  title={Model checking of safety-critical software in the nuclear engineering domain},
  author={Lahtinen, J and Valkonen, J and Bj{\"o}rkman, K and Frits, J and Niemel{\"a}, Ilkka and Heljanko, Keijo},
  journal={Reliability Engineering \& System Safety},
  volume={105},
  pages={104--113},
  year={2012},
  publisher={Elsevier}
}

@article{lee2011,
  title={Formal Modeling and Verification of Operational Flight Program in a Small-Scale Unmanned Helicopter},
  author={Lee, Dong-Ah and Sung, Sangkyung and Yoo, Junbeom and Kim, Doo-Hyun},
  journal={Journal of Aerospace Engineering},
  volume={25},
  number={4},
  pages={530--540},
  year={2011},
  publisher={American Society of Civil Engineers}
}

@inproceedings{bozga2012,
  title={State-of-the-art tools and techniques for quantitative modeling and analysis of embedded systems},
  author={Bozga, Marius and David, Alexandre and Hartmanns, Arnd and Hermanns, Holger and Larsen, Kim G and Legay, Axel and Tretmans, Jan},
  booktitle={Proceedings of the Conference on Design, Automation and Test in Europe},
  pages={370--375},
  year={2012},
  organization={EDA Consortium}
}

@article{waszniowski2009,
  title={Case study on distributed and fault tolerant system modeling based on timed automata},
  author={Waszniowski, Libor and Kr{\'a}kora, Jan and Hanz{\'a}lek, Zden{\v{e}}k},
  journal={Journal of Systems and Software},
  volume={82},
  number={10},
  pages={1678--1694},
  year={2009},
  publisher={Elsevier}
}

@inproceedings{man2011,
  title={Modeling and analysis of radiation therapy system with respiratory compensation using Uppaal},
  author={Man, Ka Lok and Krilavicius, Tomas and Wan, Kaiyu and Hughes, Danny and Lee, Kevin},
  booktitle={Parallel and Distributed Processing with Applications Workshops (ISPAW), 2011 Ninth IEEE International Symposium on},
  pages={50--54},
  year={2011},
  organization={IEEE}
}

@article{alencar2013,
  title={Model Checking Applied to Embedded Software of University Satellite},
  author={Alencar, Waldo AF and Villani, Emilia},
  journal={Journal of Control, Automation and Electrical Systems},
  volume={25},
  number={1},
  pages={126--136},
  year={2013},
  publisher={Springer}
}

@article{alur1994,
  title={A theory of timed automata},
  author={Alur, Rajeev and Dill, David L},
  journal={Theoretical computer science},
  volume={126},
  number={2},
  pages={183--235},
  year={1994},
  publisher={Elsevier}
}

@article{behrmann2011,
    Abstract = {UPPAAL is a tool suitable for model checking real-time systems
        described as networks of timed automata communicating by channel
            synchronizations and extended with integer variables. Its first
            version was released in 1995 and its development is still very
            active. It now features an advanced modeling language, a
            user-friendly graphical interface, and a performant model checker
            engine. In addition, several flavors of the tool have matured in
            recent years. In this paper, we present how we managed to maintain
            the tool during 15 years, its current architecture with its
            challenges, and we give the future directions of the tool.
            Copyright (C) 2011 John Wiley \& Sons, Ltd.},
    Author = {Behrmann, Gerd and David, Alexandre and Larsen, Kim Guldstrand and Pettersson, Paul and Yi, Wang},
    ISSN = {00380644},
    Journal = {SOFTWARE-PRACTICE \& EXPERIENCE},
    Keywords = {UPPAAL, real-time, model-checker, development, COMPUTER SCIENCE, SOFTWARE ENGINEERING},
    Number = {2},
    Pages = {133 - 142},
    Title = {Developing UPPAAL over 15 years.},
    Volume = {41},
    URL = {http://ep.bib.mdh.se/login?url=http://search.ebscohost.com/login.aspx?direct=true&db=edswsc&AN=000287106000002&site=eds-live},
    Year = {2011},
}
% Article
% Required fields: author, title, journal, year.
% Optional fields: volume, number, pages, month, note.
@article{lundqvist2003,
    Author = {Lundqvist, Kristina and Asplund, Lars},
    ISSN = {09226443},
    Journal = {Real-Time Systems},
    Keywords = {Ada, Formal modeling, Model checking, Ravenscar, Run-time kernel, Safety-critical systems, UPPAAL},
    Number = {1},
    Pages = {29-54},
    Title = {A Ravenscar-compliant run-time kernel for safety-critical systems.},
    Volume = {24},
    URL = {http://ep.bib.mdh.se/login?url=http://search.ebscohost.com/login.aspx?direct=true&db=edselc&AN=edselc.2-52.0-0037262562&site=eds-live},
    Year = {2003},
}

@inproceedings{pang2003,
    Author = {Pang, Jun and Karstens, Bart and Fokkink, Wan},
    Booktitle = {LECTURE NOTES IN COMPUTER SCIENCES},
    Pages = {504 - 522},
    Series = {International conference on formal engineering methods},
    Title = {Analyzing the Redesign of a Distributed Lift System in UPPAAL.},
    URL = {\url{http://ep.bib.mdh.se/login?url=http://search.ebscohost.com/login.aspx?direct=true&db=edsbl&AN=CN050371669&site=eds-live}},
    Year = {2003},
}

% Required fields: author/editor, title, publisher, year.
@book{book:bennett2010,
    author    = {Bennett, Simon and McRobb, Steve and Farmer, Ray},
    title     = {Object-Oriented Systems Analysis and Design: Using UML},
    publisher = {McGraw-Hill Higher Education},
    edition  = {4},
    year      = {2010},
}

%%%%%%%
% Development and Operations
%%%%%%%
@misc{web:debian-ada-policy,
    title = {Debian policy for Ada},
    key = {Debian policy for Ada},
    urldate = {2014-01-08},
    note = {Accessed 2014-01-08},
    url = {\url{http://people.debian.org/~lbrenta/debian-ada-policy.html}},
    howpublished = {\url{http://people.debian.org/~lbrenta/debian-ada-policy.html}},
}

@misc{web:avr-ada,
    title = {AVR-Ada compiler at Sourceforge},
    key = {AVR-Ada compiler at Sourceforge},
    urldate = {2014-01-08},
    note = {Accessed 2014-01-08},
    url = {\url{http://sourceforge.net/projects/avr-ada/}},
    howpublished = {\url{http://sourceforge.net/projects/avr-ada/}},
}

@misc{web:git-flow,
    title = {Git-flow workflow},
    key = {Git-flow workflow},
    urldate = {2014-01-08},
    note = {Accessed 2014-01-08},
    url = {\url{http://nvie.com/posts/a-successful-git-branching-model/}},
    howpublished = {\url{http://nvie.com/posts/a-successful-git-branching-model/}},
}

@misc{web:comp-lang-ada,
    title = {Newsgroup comp.lang.ada},
    key = {Newsgroup comp.lang.ada},
    urldate = {2014-01-08},
    note = {Accessed 2014-01-08},
    url = {\url{https://groups.google.com/forum/#!forum/comp.lang.ada}},
    howpublished = {\url{https://groups.google.com/forum/#!forum/comp.lang.ada}},
}

@misc{web:avr-ada-devel,
    title = {AVR-Ada Devel Mailinglist},
    key = {AVR-Ada Devel Mailinglist},
    urldate = {2014-01-08},
    note = {Accessed 2014-01-08},
    url = {\url{https://lists.sourceforge.net/lists/listinfo/avr-ada-devel}},
    howpublished = {\url{https://lists.sourceforge.net/lists/listinfo/avr-ada-devel}},
}

@misc{web:debian-ada-devel,
    title = {Debian Ada Devel Mailinglist},
    key = {Debian Ada Devel Mailinglist},
    urldate = {2014-01-08},
    note = {Accessed 2014-01-08},
    url = {\url{https://lists.debian.org/debian-ada/}},
    howpublished = {\url{https://lists.debian.org/debian-ada/}},
}

@misc{web:gerrit,
    title = {Gerrit Code Review},
    key = {Gerrit Code Review},
    urldate = {2014-01-10},
    note = {Accessed 2014-01-10},
    url = {\url{http://code.google.com/p/gerrit/}},
    howpublished = {\url{http://code.google.com/p/gerrit/}},
}

@misc{web:wikibooks-ada-style-guide,
    title = {Ada Quality and Style Guide},
    key = {Ada Quality and Style Guide},
    urldate = {2014-01-10},
    note = {Accessed 2014-01-10},
    url = {\url{https://en.wikibooks.org/wiki/Ada_Style_Guide}},
    howpublished = {\url{https://en.wikibooks.org/wiki/Ada_Style_Guide}},
}

@misc{web:jenkins,
    title = {Jenkins CI},
    key = {Jenkins CI},
    urldate = {2014-01-10},
    note = {Accessed 2014-01-10},
    url = {\url{http://jenkins-ci.org/}},
    howpublished = {\url{http://jenkins-ci.org/}},
}

@misc{web:vagrant,
    title = {Vagrant},
    key = {Vagrant},
    urldate = {2014-01-10},
    note = {Accessed 2014-01-10},
    url = {\url{http://www.vagrantup.com/}},
    howpublished = {\url{http://www.vagrantup.com/}},
}

@misc{web:ada-rationale-2012,
    title = {Ada 2012 Rationale},
    key = {Ada 2012 Rationale},
    urldate = {2014-01-10},
    note = {Accessed 2014-01-10},
    url = {\url{http://www.adacore.com/knowledge/technical-papers/ada-2012-rationale/}},
    howpublished = {\url{http://www.adacore.com/knowledge/technical-papers/ada-2012-rationale/}},
}
